@comment{x-kbibtex-personnameformatting=<%l><, %f>}

@article{mishra2005friction,
	author = "Mishra, Rajiv S and Ma, ZY",
	journal = "Materials Science and Engineering: R: Reports",
	number = "1-2",
	pages = "1--78",
	publisher = "Elsevier",
	title = "{Friction stir welding and processing}",
	volume = "50",
	year = "2005"
}

@article{squeo2009friction,
	author = "Squeo, Erica Anna and Bruno, Giuseppe and Guglielmotti, Alessandro and Quadrini, Fabrizio",
	journal = "The Annals of Dunarea de Jos University of Galati, Technologies in Machine Building",
	pages = "241--246",
	title = "{Friction stir welding of polyethylene sheets}",
	volume = "5",
	year = "2009"
}

@article{gao2014submerged,
	author = "Gao, Jicheng and Shen, Yifu and Zhang, Jingqing and Xu, Haisheng",
	journal = "Journal of Applied Polymer Science",
	number = "22",
	publisher = "Wiley Online Library",
	title = "{Submerged friction stir weld of polyethylene sheets}",
	volume = "131",
	year = "2014"
}

@inproceedings{zafar2017friction,
	author = "Zafar, Adeel and Awang, M and Khan, Sajjad Raza",
	booktitle = "{2nd International Conference on Mechanical, Manufacturing and Process Plant Engineering}",
	organization = "Springer",
	pages = "19--36",
	title = "{Friction Stir Welding of Polymers: An Overview}",
	year = "2017"
}

@techreport{UKWIR2010,
	author = "UKWIR",
	isbn = "1 84057 579 4",
	note = "10/WM/08/43",
	publisher = "UKWIR",
	title = "{Leakage from PE Pipe Systems}",
	year = "2010"
}

@inproceedings{ma2017pipeslam,
  title={PipeSLAM: Simultaneous localisation and mapping in feature sparse water pipes using the Rao-Blackwellised particle filter},
  author={Ma, Ke and Schirru, Michele and Zahraee, Ali Hassan and Dwyer-Joyce, Rob and Boxall, Joby and Dodd, Tony J and Collins, Richard and Anderson, Sean R},
  booktitle={Advanced Intelligent Mechatronics (AIM), 2017 IEEE International Conference on},
  pages={1459--1464},
  year={2017},
  organization={IEEE}
}
